@article{2015MNRAS.453..365B,
	adsnote = {Provided by the SAO/NASA Astrophysics Data System},
	adsurl = {http://adsabs.harvard.edu/abs/2015MNRAS.453..365B},
	archiveprefix = {arXiv},
	author = {{Bianchini}, P. and {Norris}, M.~A. and {van de Ven}, G. and {Schinnerer}, E.},
	doi = {10.1093/mnras/stv1651},
	eprint = {1507.05632},
	journal = {\mnras},
	keywords = {black hole physics, instrumentation: spectrographs, stars: kinematics and dynamics, globular clusters: general},
	month = {oct},
	pages = {365--376},
	title = {{Understanding the central kinematics of globular clusters with simulated integrated-light IFU observations}},
	volume = {453},
	year = {2015}
}

@book{2006ima..book.....C,
	adsnote = {Provided by the SAO/NASA Astrophysics Data System},
	adsurl = {http://adsabs.harvard.edu/abs/2006ima..book.....C},
	author = {{Carroll}, B.~W. and {Ostlie}, D.~A.},
	booktitle = {{Institute for Mathematics and Its Applications}},
	keywords = {Astrophysics, Textbooks},
	month = {jul},
	title = {{An introduction to modern astrophysics and cosmology}},
	year = {2006}
}

@article{2013ApJ...769..107L,
	adsnote = {Provided by the SAO/NASA Astrophysics Data System},
	adsurl = {http://adsabs.harvard.edu/abs/2013ApJ...769..107L},
	archiveprefix = {arXiv},
	author = {{Lanzoni}, B. and {Mucciarelli}, A. and {Origlia}, L. and {Bellazzini}, M. and {Ferraro}, F.~R. and {Valenti}, E. and {Miocchi}, P. and {Dalessandro}, E. and {Pallanca}, C. and {Massari}, D.},
	doi = {10.1088/0004-637X/769/2/107},
	eid = {107},
	eprint = {1304.2953},
	journal = {\apj},
	keywords = {black hole physics, globular clusters: individual: NGC 6388, stars: evolution},
	month = jun,
	pages = {107},
	primaryclass = {astro-ph.SR},
	title = {{The Velocity Dispersion Profile of NGC 6388 from Resolved-star Spectroscopy: No Evidence of a Central Cusp and New Constraints on the Black Hole Mass}},
	volume = 769,
	year = 2013
}

@book{2008gady.book.....B,
	adsnote = {Provided by the SAO/NASA Astrophysics Data System},
	adsurl = {http://adsabs.harvard.edu/abs/2008gady.book.....B},
	author = {{Binney}, J. and {Tremaine}, S.},
	booktitle = {{Galactic Dynamics: Second Edition, by James Binney and Scott Tremaine.~ISBN 978-0-691-13026-2 (HB).~Published by Princeton University Press, Princeton, NJ USA, 2008.}},
	publisher = {Princeton University Press},
	title = {{Galactic Dynamics: Second Edition}},
	year = 2008
}

@article{2013MNRAS.429.1221H,
	adsnote = {Provided by the SAO/NASA Astrophysics Data System},
	adsurl = {http://adsabs.harvard.edu/abs/2013MNRAS.429.1221H},
	archiveprefix = {arXiv},
	author = {{Hypki}, A. and {Giersz}, M.},
	doi = {10.1093/mnras/sts415},
	eprint = {1207.6700},
	journal = {\mnras},
	keywords = {methods: numerical, blue stragglers, globular clusters: general},
	month = feb,
	pages = {1221--1243},
	title = {{MOCCA code for star cluster simulations - I. Blue stragglers, first results}},
	volume = 429,
	year = 2013
}

@article{1998MNRAS.298.1239G,
	adsnote = {Provided by the SAO/NASA Astrophysics Data System},
	adsurl = {http://adsabs.harvard.edu/abs/1998MNRAS.298.1239G},
	author = {{Giersz}, M.},
	doi = {10.1046/j.1365-8711.1998.01734.x},
	eprint = {astro-ph/9804127},
	journal = {\mnras},
	keywords = {METHODS: NUMERICAL, STARS: KINEMATICS, GLOBULAR CLUSTERS: GENERAL},
	month = aug,
	pages = {1239--1248},
	title = {{Monte Carlo simulations of star clusters - I. First Results}},
	volume = 298,
	year = 1998
}

@article{2015MNRAS.454.3150G,
	adsnote = {Provided by the SAO/NASA Astrophysics Data System},
	adsurl = {http://adsabs.harvard.edu/abs/2015MNRAS.454.3150G},
	archiveprefix = {arXiv},
	author = {{Giersz}, M. and {Leigh}, N. and {Hypki}, A. and {L\"{u}tzgendorf}, N. and {Askar}, A.},
	doi = {10.1093/mnras/stv2162},
	eprint = {1506.05234},
	journal = {\mnras},
	keywords = {methods: numerical, stars: black holes, globular clusters: general},
	month = dec,
	pages = {3150--3165},
	title = {{MOCCA code for star cluster simulations - IV. A new scenario for intermediate mass black hole formation in globular clusters}},
	volume = 454,
	year = 2015
}

@article{2010MNRAS.407.1946D,
	adsnote = {Provided by the SAO/NASA Astrophysics Data System},
	adsurl = {http://adsabs.harvard.edu/abs/2010MNRAS.407.1946D},
	archiveprefix = {arXiv},
	author = {{Downing}, J.~M.~B. and {Benacquista}, M.~J. and {Giersz}, M. and {Spurzem}, R.},
	doi = {10.1111/j.1365-2966.2010.17040.x},
	eprint = {0910.0546},
	journal = {\mnras},
	keywords = {gravitational waves, binaries: close, globular clusters: general},
	month = sep,
	pages = {1946--1962},
	primaryclass = {astro-ph.SR},
	title = {{Compact binaries in star clusters - I. Black hole binaries inside globular clusters}},
	volume = 407,
	year = 2010
}

@article{1911MNRAS..71..460P,
	adsnote = {Provided by the SAO/NASA Astrophysics Data System},
	adsurl = {http://adsabs.harvard.edu/abs/1911MNRAS..71..460P},
	author = {{Plummer}, H.~C.},
	doi = {10.1093/mnras/71.5.460},
	journal = {\mnras},
	month = mar,
	pages = {460--470},
	title = {{On the problem of distribution in globular star clusters}},
	volume = 71,
	year = 1911
}

@article{2015arXiv150707956M,
	adsnote = {Provided by the SAO/NASA Astrophysics Data System},
	adsurl = {http://adsabs.harvard.edu/abs/2015arXiv150707956M},
	archiveprefix = {arXiv},
	author = {{Mohr}, P.~J. and {Newell}, D.~B. and {Taylor}, B.~N.},
	eprint = {1507.07956},
	journal = {ArXiv e-prints},
	keywords = {Physics - Atomic Physics, Physics - Chemical Physics, Physics - Data Analysis, Statistics and Probability},
	month = jul,
	primaryclass = {physics.atom-ph},
	title = {{CODATA Recommended Values of the Fundamental Physical Constants: 2014}},
	year = 2015
}

@booklet{bartelmann,
	author = {{Bartelmann}, M},
	title = {{Theoretische Physik I: Punktmechanik und mathematische Methoden}},
	year = {2007}
}

@article{1996AJ....112.1487H,
	adsnote = {Provided by the SAO/NASA Astrophysics Data System},
	adsurl = {http://adsabs.harvard.edu/abs/1996AJ....112.1487H},
	author = {{Harris}, W.~E.},
	doi = {10.1086/118116},
	journal = {\aj},
	keywords = {GLOBULAR CLUSTERS: GENERAL, CATALOGS},
	month = oct,
	pages = {1487},
	title = {{A Catalog of Parameters for Globular Clusters in the Milky Way}},
	volume = 112,
	year = 1996
}

@article{1997A&ARv...8....1M,
	adsnote = {Provided by the SAO/NASA Astrophysics Data System},
	adsurl = {http://adsabs.harvard.edu/abs/1997A\%26ARv...8....1M},
	author = {{Meylan}, G. and {Heggie}, D.~C.},
	doi = {10.1007/s001590050008},
	eprint = {astro-ph/9610076},
	journal = {\aapr},
	keywords = {Stellar Dynamics, Globular clusters: general, Globular clusters: individual, Galaxies: star clusters},
	pages = {1--143},
	title = {{Internal dynamics of globular clusters}},
	volume = 8,
	year = 1997
}

@article{2015AJ....149...91P,
	adsnote = {Provided by the SAO/NASA Astrophysics Data System},
	adsurl = {http://adsabs.harvard.edu/abs/2015AJ....149...91P},
	archiveprefix = {arXiv},
	author = {{Piotto}, G. and {Milone}, A.~P. and {Bedin}, L.~R. and {Anderson}, J. and {King}, I.~R. and {Marino}, A.~F. and {Nardiello}, D. and {Aparicio}, A. and {Barbuy}, B. and {Bellini}, A. and {Brown}, T.~M. and {Cassisi}, S. and {Cool}, A.~M. and {Cunial}, A. and {Dalessandro}, E. and {D'Antona}, F. and {Ferraro}, F.~R. and {Hidalgo}, S. and {Lanzoni}, B. and {Monelli}, M. and {Ortolani}, S. and {Renzini}, A. and {Salaris}, M. and {Sarajedini}, A. and {van der Marel}, R.~P. and {Vesperini}, E. and {Zoccali}, M.},
	doi = {10.1088/0004-6256/149/3/91},
	eid = {91},
	eprint = {1410.4564},
	journal = {\aj},
	keywords = {globular clusters: general, Hertzsprung{\ndash}Russell and C{\ndash}M diagrams, proper motions, stars: Population II},
	month = mar,
	pages = {91},
	primaryclass = {astro-ph.SR},
	title = {{The Hubble Space Telescope UV Legacy Survey of Galactic Globular Clusters. I. Overview of the Project and Detection of Multiple Stellar Populations}},
	volume = 149,
	year = 2015
}

@article{2012A&A...539A..65Z,
	adsnote = {Provided by the SAO/NASA Astrophysics Data System},
	adsurl = {http://adsabs.harvard.edu/abs/2012A\%26A...539A..65Z},
	archiveprefix = {arXiv},
	author = {{Zocchi}, A. and {Bertin}, G. and {Varri}, A.~L.},
	doi = {10.1051/0004-6361/201117977},
	eid = {A65},
	eprint = {1201.1466},
	journal = {\aap},
	keywords = {globular clusters: general},
	month = mar,
	pages = {A65},
	title = {{A dynamical study of Galactic globular clusters under different relaxation conditions}},
	volume = 539,
	year = 2012
}

@article{2013ApJ...772...67B,
	adsnote = {Provided by the SAO/NASA Astrophysics Data System},
	adsurl = {http://adsabs.harvard.edu/abs/2013ApJ...772...67B},
	archiveprefix = {arXiv},
	author = {{Bianchini}, P. and {Varri}, A.~L. and {Bertin}, G. and {Zocchi}, A.},
	doi = {10.1088/0004-637X/772/1/67},
	eid = {67},
	eprint = {1305.6025},
	journal = {\apj},
	keywords = {globular clusters: general, globular clusters: individual: NGC 104: 47 Tuc) NGC 5139 ({$\omega$} Cen) NGC 7078 (M15},
	month = jul,
	pages = {67},
	title = {{Rotating Globular Clusters}},
	volume = 772,
	year = 2013
}

@article{2014A&A...567A..69K,
	adsnote = {Provided by the SAO/NASA Astrophysics Data System},
	adsurl = {http://adsabs.harvard.edu/abs/2014A\%26A...567A..69K},
	archiveprefix = {arXiv},
	author = {{Kacharov}, N. and {Bianchini}, P. and {Koch}, A. and {Frank}, M.~J. and {Martin}, N.~F. and {van de Ven}, G. and {Puzia}, T.~H. and {McDonald}, I. and {Johnson}, C.~I. and {Zijlstra}, A.~A.},
	doi = {10.1051/0004-6361/201423709},
	eid = {A69},
	eprint = {1406.1552},
	journal = {\aap},
	keywords = {globular clusters: general, globular clusters: individual: NGC 4372, Galaxy: halo},
	month = jul,
	pages = {A69},
	title = {{A study of rotating globular clusters. The case of the old, metal-poor globular cluster NGC 4372}},
	volume = 567,
	year = 2014
}

@article{2000ApJ...539L...9F,
	adsnote = {Provided by the SAO/NASA Astrophysics Data System},
	adsurl = {http://adsabs.harvard.edu/abs/2000ApJ...539L...9F},
	author = {{Ferrarese}, L. and {Merritt}, D.},
	doi = {10.1086/312838},
	eprint = {astro-ph/0006053},
	journal = {\apjl},
	keywords = {Black Hole Physics, Galaxies: Evolution, Galaxies: Kinematics and Dynamics},
	month = aug,
	pages = {L9--L12},
	title = {{A Fundamental Relation between Supermassive Black Holes and Their Host Galaxies}},
	volume = 539,
	year = 2000
}

@article{2002MNRAS.330..232C,
	adsnote = {Provided by the SAO/NASA Astrophysics Data System},
	adsurl = {http://adsabs.harvard.edu/abs/2002MNRAS.330..232C},
	author = {{Miller}, M.~C. and {Hamilton}, D.~P.},
	doi = {10.1046/j.1365-8711.2002.05112.x},
	eprint = {astro-ph/0106188},
	journal = {\mnras},
	keywords = {ACCRETION, ACCRETION DISCS, BLACK HOLE PHYSICS, BINARIES: CLOSE, GLOBULAR CLUSTERS: GENERAL, GALAXIES: STARBURST},
	month = feb,
	pages = {232--240},
	title = {{Production of intermediate-mass black holes in globular clusters}},
	volume = 330,
	year = 2002
}

@article{2008MNRAS.389..379M,
	adsnote = {Provided by the SAO/NASA Astrophysics Data System},
	adsurl = {http://adsabs.harvard.edu/abs/2008MNRAS.389..379M},
	archiveprefix = {arXiv},
	author = {{Maccarone}, T.~J. and {Servillat}, M.},
	doi = {10.1111/j.1365-2966.2008.13577.x},
	eprint = {0806.2387},
	journal = {\mnras},
	keywords = {accretion, accretion discs, stellar dynamics, globular clusters: general, globular clusters: individual: NGC 2808, radio continuum: general},
	month = sep,
	pages = {379--384},
	title = {{Radio observations of NGC 2808 and other globular clusters: constraints on intermediate-mass black holes}},
	volume = 389,
	year = 2008
}

@article{2012A&A...542A..44K,
	adsnote = {Provided by the SAO/NASA Astrophysics Data System},
	adsurl = {http://adsabs.harvard.edu/abs/2012A\%26A...542A..44K},
	archiveprefix = {arXiv},
	author = {{Kirsten}, F. and {Vlemmings}, W.~H.~T.},
	doi = {10.1051/0004-6361/201218928},
	eid = {A44},
	eprint = {1204.4457},
	journal = {\aap},
	keywords = {globular clusters: individual: M 15 (NGC 7078), black hole physics, techniques: interferometric, radio continuum: general},
	month = jun,
	pages = {A44},
	title = {{No evidence for a central IMBH in M 15}},
	volume = 542,
	year = 2012
}

@article{2012ApJ...750L..27S,
	adsnote = {Provided by the SAO/NASA Astrophysics Data System},
	adsurl = {http://adsabs.harvard.edu/abs/2012ApJ...750L..27S},
	archiveprefix = {arXiv},
	author = {{Strader}, J. and {Chomiuk}, L. and {Maccarone}, T.~J. and {Miller-Jones}, J.~C.~A. and {Seth}, A.~C. and {Heinke}, C.~O. and {Sivakoff}, G.~R.},
	doi = {10.1088/2041-8205/750/2/L27},
	eid = {L27},
	eprint = {1203.6352},
	journal = {\apjl},
	keywords = {black hole physics, globular clusters: general, radio continuum: general},
	month = may,
	pages = {L27},
	primaryclass = {astro-ph.HE},
	title = {{No Evidence for Intermediate-mass Black Holes in Globular Clusters: Strong Constraints from the JVLA}},
	volume = 750,
	year = 2012
}

@article{1976ApJ...209..214B,
	adsnote = {Provided by the SAO/NASA Astrophysics Data System},
	adsurl = {http://adsabs.harvard.edu/abs/1976ApJ...209..214B},
	author = {{Bahcall}, J.~N. and {Wolf}, R.~A.},
	doi = {10.1086/154711},
	journal = {\apj},
	keywords = {Black Holes (Astronomy), Distribution Functions, Globular Clusters, Gravitational Effects, Star Distribution, Stellar Motions, Anisotropy, Density (Number/Volume), Flow Velocity, Gravitational Fields, Stellar Mass, Time Dependence, Velocity Distribution, X Ray Sources},
	month = oct,
	pages = {214--232},
	title = {{Star distribution around a massive black hole in a globular cluster}},
	volume = 209,
	year = 1976
}

@article{2013A&A...552A..49L,
	adsnote = {Provided by the SAO/NASA Astrophysics Data System},
	adsurl = {http://adsabs.harvard.edu/abs/2013A\%26A...552A..49L},
	archiveprefix = {arXiv},
	author = {{L\"{u}tzgendorf}, N. and {Kissler-Patig}, M. and {Gebhardt}, K. and {Baumgardt}, H. and {Noyola}, E. and {de Zeeuw}, P.~T. and {Neumayer}, N. and {Jalali}, B. and {Feldmeier}, A.},
	doi = {10.1051/0004-6361/201220307},
	eid = {A49},
	eprint = {1212.3475},
	journal = {\aap},
	keywords = {black hole physics, globular clusters: general, stars: kinematics and dynamics},
	month = apr,
	pages = {A49},
	title = {{Limits on intermediate-mass black holes in six Galactic globular clusters with integral-field spectroscopy}},
	volume = 552,
	year = 2013
}

@article{2011A&A...533A..36L,
	adsnote = {Provided by the SAO/NASA Astrophysics Data System},
	adsurl = {http://adsabs.harvard.edu/abs/2011A\%26A...533A..36L},
	archiveprefix = {arXiv},
	author = {{L\"{u}tzgendorf}, N. and {Kissler-Patig}, M. and {Noyola}, E. and {Jalali}, B. and {de Zeeuw}, P.~T. and {Gebhardt}, K. and {Baumgardt}, H.},
	doi = {10.1051/0004-6361/201116618},
	eid = {A36},
	eprint = {1107.4243},
	journal = {\aap},
	keywords = {black hole physics, globular clusters: individual: NGC 6388, stars: kinematics and dynamics},
	month = sep,
	pages = {A36},
	title = {{Kinematic signature of an intermediate-mass black hole in the globular cluster NGC 6388}},
	volume = 533,
	year = 2011
}

@article{2014arXiv1411.4937B,
	adsnote = {Provided by the SAO/NASA Astrophysics Data System},
	adsurl = {http://adsabs.harvard.edu/abs/2014arXiv1411.4937B},
	archiveprefix = {arXiv},
	author = {{Binney}, J.},
	eprint = {1411.4937},
	journal = {ArXiv e-prints},
	keywords = {Astrophysics - Astrophysics of Galaxies},
	month = nov,
	title = {{Henon's Isochrone Model}},
	year = 2014
}

@article{2001MNRAS.322..231K,
	adsnote = {Provided by the SAO/NASA Astrophysics Data System},
	adsurl = {http://adsabs.harvard.edu/abs/2001MNRAS.322..231K},
	author = {{Kroupa}, P.},
	doi = {10.1046/j.1365-8711.2001.04022.x},
	eprint = {astro-ph/0009005},
	journal = {\mnras},
	keywords = {BINARIES: GENERAL, STARS: FORMATION, STARS: KINEMATICS, STARS: LUMINOSITY FUNCTION, MASS FUNCTION, GLOBULAR CLUSTERS: GENERAL, OPEN CLUSTERS AND ASSOCIATIONS: GENERAL},
	month = apr,
	pages = {231--246},
	title = {{On the variation of the initial mass function}},
	volume = 322,
	year = 2001
}

@article{2012MNRAS.427..127B,
	adsnote = {Provided by the SAO/NASA Astrophysics Data System},
	adsurl = {http://adsabs.harvard.edu/abs/2012MNRAS.427..127B},
	archiveprefix = {arXiv},
	author = {{Bressan}, A. and {Marigo}, P. and {Girardi}, L. and {Salasnich}, B. and {Dal Cero}, C. and {Rubele}, S. and {Nanni}, A.},
	doi = {10.1111/j.1365-2966.2012.21948.x},
	eprint = {1208.4498},
	journal = {\mnras},
	keywords = {stars: evolution, Hertzsprung{\dash}Russell and colour magnitude diagrams, stars: interiors, stars: low-mass},
	month = nov,
	pages = {127--145},
	primaryclass = {astro-ph.SR},
	title = {{PARSEC: stellar tracks and isochrones with the PAdova and TRieste Stellar Evolution Code}},
	volume = 427,
	year = 2012
}

@article{2014ApJ...797..115B,
	adsnote = {Provided by the SAO/NASA Astrophysics Data System},
	adsurl = {http://adsabs.harvard.edu/abs/2014ApJ...797..115B},
	archiveprefix = {arXiv},
	author = {{Bellini}, A. and {Anderson}, J. and {van der Marel}, R.~P. and {Watkins}, L.~L. and {King}, I.~R. and {Bianchini}, P. and {Chanam\'{e}}, J. and {Chandar}, R. and {Cool}, A.~M. and {Ferraro}, F.~R. and {Ford}, H. and {Massari}, D.},
	doi = {10.1088/0004-637X/797/2/115},
	eid = {115},
	eprint = {1410.5820},
	journal = {\apj},
	keywords = {globular clusters: individual: NGC 104 (47 Tuc NGC 288 NGC 362 NGC 1851 NGC 2808 NGC 5139 ({$\omega$} Cen NGC 5904 (M 5 NGC 5927 NGC 6266 (M 62 NGC 6341 (M 92 NGC 6362 NGC 6388 NGC 6397 NGC 6441 NGC 6535 NGC 6624 NGC 6656 (M 22 ) NGC 6681 (M 70) NGC 6715 (M 54) NGC 6752 NGC 7078 (M 15) NGC 7099 (M 30), proper motions, stars: kinematics and dynamics, stars: Population II, techniques: photometric},
	month = dec,
	pages = {115},
	primaryclass = {astro-ph.SR},
	title = {{Hubble Space Telescope Proper Motion (HSTPROMO) Catalogs of Galactic Globular Clusters. I. Sample Selection, Data Reduction, and NGC 7078 Results}},
	volume = 797,
	year = 2014
}

@article{1980ApJ...238..471R,
	adsnote = {Provided by the SAO/NASA Astrophysics Data System},
	adsurl = {http://adsabs.harvard.edu/abs/1980ApJ...238..471R},
	author = {{Rubin}, V.~C. and {Ford}, W.~K.~J. and {.~Thonnard}, N.},
	doi = {10.1086/158003},
	journal = {\apj},
	keywords = {Astronomical Spectroscopy, Galactic Evolution, Galactic Rotation, Galaxies, Stellar Luminosity, Dynamic Characteristics, Galactic Nuclei, Morphology, Radial Velocity, Radii},
	month = jun,
	pages = {471--487},
	title = {{Rotational properties of 21 SC galaxies with a large range of luminosities and radii, from NGC 4605 /R = 4kpc/ to UGC 2885 /R = 122 kpc/}},
	volume = 238,
	year = 1980
}

@article{2008ApJ...676.1008N,
	adsnote = {Provided by the SAO/NASA Astrophysics Data System},
	adsurl = {http://adsabs.harvard.edu/abs/2008ApJ...676.1008N},
	archiveprefix = {arXiv},
	author = {{Noyola}, E. and {Gebhardt}, K. and {Bergmann}, M.},
	doi = {10.1086/529002},
	eid = {1008-1015},
	eprint = {0801.2782},
	journal = {\apj},
	keywords = {black hole physics, globular clusters: individual: {$\omega$} Centauri, stellar dynamics },
	month = apr,
	pages = {1008--1015},
	title = {{Gemini and Hubble Space Telescope Evidence for an Intermediate-Mass Black Hole in {$\omega$} Centauri}},
	volume = 676,
	year = 2008
}

@article{2010ApJ...710.1063V,
	adsnote = {Provided by the SAO/NASA Astrophysics Data System},
	adsurl = {http://adsabs.harvard.edu/abs/2010ApJ...710.1063V},
	archiveprefix = {arXiv},
	author = {{van der Marel}, R.~P. and {Anderson}, J.},
	doi = {10.1088/0004-637X/710/2/1063},
	eprint = {0905.0638},
	journal = {\apj},
	keywords = {globular clusters: individual: omega Centauri, stars: kinematics and dynamics},
	month = feb,
	pages = {1063--1088},
	primaryclass = {astro-ph.GA},
	title = {{New Limits on an Intermediate-Mass Black Hole in Omega Centauri. II. Dynamical Models}},
	volume = 710,
	year = 2010
}

@article{2015A&A...581A...1L,
	adsnote = {Provided by the SAO/NASA Astrophysics Data System},
	adsurl = {http://adsabs.harvard.edu/abs/2015A\%26A...581A...1L},
	archiveprefix = {arXiv},
	author = {{L\"{u}tzgendorf}, N. and {Gebhardt}, K. and {Baumgardt}, H. and {Noyola}, E. and {Neumayer}, N. and {Kissler-Patig}, M. and {de Zeeuw}, T.},
	doi = {10.1051/0004-6361/201425524},
	eid = {A1},
	eprint = {1507.02813},
	journal = {\aap},
	keywords = {stars: kinematics and dynamics, methods: numerical, black hole physics},
	month = sep,
	pages = {A1},
	title = {{Re-evaluation of the central velocity-dispersion profile in NGC 6388}},
	volume = 581,
	year = 2015
}

@ARTICLE{2009ApJ...692.1075G,
   author = {{Gillessen}, S. and {Eisenhauer}, F. and {Trippe}, S. and {Alexander}, T. and 
	{Genzel}, R. and {Martins}, F. and {Ott}, T.},
    title = "{Monitoring Stellar Orbits Around the Massive Black Hole in the Galactic Center}",
  journal = {\apj},
archivePrefix = "arXiv",
   eprint = {0810.4674},
 keywords = {black hole physics, astrometry, Galaxy: center, infrared: stars},
     year = 2009,
    month = feb,
   volume = 692,
    pages = {1075-1109},
      doi = {10.1088/0004-637X/692/2/1075},
   adsurl = {http://adsabs.harvard.edu/abs/2009ApJ...692.1075G},
  adsnote = {Provided by the SAO/NASA Astrophysics Data System}
}

@ARTICLE{2013ApJ...779..115B,
   author = {{Bovy}, J. and {Rix}, H.-W.},
    title = "{A Direct Dynamical Measurement of the Milky Way's Disk Surface Density Profile, Disk Scale Length, and Dark Matter Profile at 4 kpc $\lt$\~{} R $\lt$\~{} 9 kpc}",
  journal = {\apj},
archivePrefix = "arXiv",
   eprint = {1309.0809},
 primaryClass = "astro-ph.GA",
 keywords = {Galaxy: abundances, Galaxy: disk, Galaxy: fundamental parameters, Galaxy: kinematics and dynamics, Galaxy: structure, solar neighborhood},
     year = 2013,
    month = dec,
   volume = 779,
      eid = {115},
    pages = {115},
      doi = {10.1088/0004-637X/779/2/115},
   adsurl = {http://adsabs.harvard.edu/abs/2013ApJ...779..115B},
  adsnote = {Provided by the SAO/NASA Astrophysics Data System}
}

@ARTICLE{2014MNRAS.445.3133P,
   author = {{Piffl}, T. and {Binney}, J. and {McMillan}, P.~J. and {Steinmetz}, M. and 
	{Helmi}, A. and {Wyse}, R.~F.~G. and {Bienaym{\'e}}, O. and 
	{Bland-Hawthorn}, J. and {Freeman}, K. and {Gibson}, B. and 
	{Gilmore}, G. and {Grebel}, E.~K. and {Kordopatis}, G. and {Navarro}, J.~F. and 
	{Parker}, Q. and {Reid}, W.~A. and {Seabroke}, G. and {Siebert}, A. and 
	{Watson}, F. and {Zwitter}, T.},
    title = "{Constraining the Galaxy's dark halo with RAVE stars}",
  journal = {\mnras},
archivePrefix = "arXiv",
   eprint = {1406.4130},
 keywords = {Galaxy: disc, Galaxy: fundamental parameters, Galaxy: halo, Galaxy: kinematics and dynamics, solar neighbourhood, Galaxy: structure},
     year = 2014,
    month = dec,
   volume = 445,
    pages = {3133-3151},
      doi = {10.1093/mnras/stu1948},
   adsurl = {http://adsabs.harvard.edu/abs/2014MNRAS.445.3133P},
  adsnote = {Provided by the SAO/NASA Astrophysics Data System}
}

@ARTICLE{2015MNRAS.449.3479S,
   author = {{Sanders}, J.~L. and {Binney}, J.},
    title = "{Extended distribution functions for our Galaxy}",
  journal = {\mnras},
archivePrefix = "arXiv",
   eprint = {1501.02227},
 keywords = {Galaxy: abundances, Galaxy: disc, Galaxy: evolution, Galaxy: kinematics and dynamics, solar neighbourhood},
     year = 2015,
    month = jun,
   volume = 449,
    pages = {3479-3502},
      doi = {10.1093/mnras/stv578},
   adsurl = {http://adsabs.harvard.edu/abs/2015MNRAS.449.3479S},
  adsnote = {Provided by the SAO/NASA Astrophysics Data System}
}

@ARTICLE{2015ApJS..216...29B,
   author = {{Bovy}, J.},
    title = "{galpy: A python Library for Galactic Dynamics}",
  journal = {\apjs},
archivePrefix = "arXiv",
   eprint = {1412.3451},
 keywords = {galaxies: general, galaxies: kinematics and dynamics, Galaxy: fundamental parameters },
     year = 2015,
    month = feb,
   volume = 216,
      eid = {29},
    pages = {29},
      doi = {10.1088/0067-0049/216/2/29},
   adsurl = {http://adsabs.harvard.edu/abs/2015ApJS..216...29B},
  adsnote = {Provided by the SAO/NASA Astrophysics Data System}
}


@ARTICLE{2008A&A...482..883M,
   author = {{Marigo}, P. and {Girardi}, L. and {Bressan}, A. and {Groenewegen}, M.~A.~T. and 
	{Silva}, L. and {Granato}, G.~L.},
    title = "{Evolution of asymptotic giant branch stars. II. Optical to far-infrared isochrones with improved TP-AGB models}",
  journal = {\aap},
archivePrefix = "arXiv",
   eprint = {0711.4922},
 keywords = {astronomical data bases: miscellaneous, stars: AGB and post-AGB, stars: carbon, stars: evolution, galaxies: Magellanic Clouds, stars: Hertzsprung-Russell (HR) and C-M diagrams},
     year = 2008,
    month = may,
   volume = 482,
    pages = {883-905},
      doi = {10.1051/0004-6361:20078467},
   adsurl = {http://adsabs.harvard.edu/abs/2008A%26A...482..883M},
  adsnote = {Provided by the SAO/NASA Astrophysics Data System}
}

@ARTICLE{2013MNRAS.435.3272T,
   author = {{Trenti}, M. and {van der Marel}, R.},
    title = "{No energy equipartition in globular clusters}",
  journal = {\mnras},
archivePrefix = "arXiv",
   eprint = {1302.2152},
 keywords = {stars: kinematics and dynamics, globular clusters: general},
     year = 2013,
    month = nov,
   volume = 435,
    pages = {3272-3282},
      doi = {10.1093/mnras/stt1521},
   adsurl = {http://adsabs.harvard.edu/abs/2013MNRAS.435.3272T},
  adsnote = {Provided by the SAO/NASA Astrophysics Data System}
}

@ARTICLE{2012MNRAS.423.3589W,
   author = {{Williams}, L.~L.~R. and {Barnes}, E.~I. and {Hjorth}, J.},
    title = "{Collisionless dynamics in globular clusters}",
  journal = {\mnras},
archivePrefix = "arXiv",
   eprint = {1204.5217},
 primaryClass = "astro-ph.CO",
 keywords = {globular clusters: general},
     year = 2012,
    month = jul,
   volume = 423,
    pages = {3589-3600},
      doi = {10.1111/j.1365-2966.2012.21158.x},
   adsurl = {http://adsabs.harvard.edu/abs/2012MNRAS.423.3589W},
  adsnote = {Provided by the SAO/NASA Astrophysics Data System}
}


@ARTICLE{1994A&A...285..723E,
   author = {{Emsellem}, E. and {Monnet}, G. and {Bacon}, R.},
    title = "{The multi-gaussian expansion method: a tool for building realistic photometric and kinematical models of stellar systems I. The formalism}",
  journal = {\aap},
 keywords = {GALAXIES: STRUCTURE, GALAXIES: KINEMATICS AND DYNAMICS, TECHNIQUES: IMAGE PROCESSING, CELESTIAL MECHANICS, STELLAR DYNAMICS},
     year = 1994,
    month = may,
   volume = 285,
   adsurl = {http://adsabs.harvard.edu/abs/1994A%26A...285..723E},
  adsnote = {Provided by the SAO/NASA Astrophysics Data System}
}

@ARTICLE{2002MNRAS.333..400C,
   author = {{Cappellari}, M.},
    title = "{Efficient multi-Gaussian expansion of galaxies}",
  journal = {\mnras},
   eprint = {astro-ph/0201430},
 keywords = {stellar dynamics, techniques: image processing, galaxies: kinematics and dynamics, galaxies: photometry, galaxies: structure},
     year = 2002,
    month = jun,
   volume = 333,
    pages = {400-410},
      doi = {10.1046/j.1365-8711.2002.05412.x},
   adsurl = {http://adsabs.harvard.edu/abs/2002MNRAS.333..400C},
  adsnote = {Provided by the SAO/NASA Astrophysics Data System}
}
